<record><leader>00000nas a2200000 i 4500</leader><controlfield tag="001">982193646</controlfield><controlfield tag="006">m     o  d        </controlfield><controlfield tag="007">cr |||||||||||</controlfield><controlfield tag="008">170412d18311837inuwr neo     0   a0eng  </controlfield><datafield ind1=" " ind2=" " tag="010"><subfield code="a">  2017218614</subfield></datafield><datafield ind1=" " ind2=" " tag="040"><subfield code="a">DLC</subfield><subfield code="b">eng</subfield><subfield code="e">rda</subfield><subfield code="c">DLC</subfield></datafield><datafield ind1="0" ind2=" " tag="022"><subfield code="a">2572-6994</subfield><subfield code="2">1</subfield></datafield><datafield ind1=" " ind2=" " tag="042"><subfield code="a">pcc</subfield><subfield code="a">nsdp</subfield></datafield><datafield ind1=" " ind2=" " tag="043"><subfield code="a">n-us-in</subfield></datafield><datafield ind1="1" ind2="0" tag="050"><subfield code="a">ISSN RECORD</subfield></datafield><datafield ind1="1" ind2="0" tag="082"><subfield code="a">071</subfield><subfield code="2">23</subfield></datafield><datafield ind1="0" ind2=" " tag="130"><subfield code="a">Richmond palladium (Richmond, Ind. : 1831)</subfield></datafield><datafield ind1=" " ind2="0" tag="222"><subfield code="a">Richmond palladium</subfield><subfield code="b">(Richmond, Ind. 1831.Online)</subfield></datafield><datafield ind1="1" ind2="0" tag="245"><subfield code="a">Richmond palladium.</subfield></datafield><datafield ind1=" " ind2="1" tag="264"><subfield code="a">Richmond, Wayne County, Indiana :</subfield><subfield code="b">Nelson Boon,</subfield><subfield code="c">-1837.</subfield></datafield><datafield ind1=" " ind2=" " tag="300"><subfield code="a">1 online resource</subfield></datafield><datafield ind1=" " ind2=" " tag="310"><subfield code="a">Weekly</subfield></datafield><datafield ind1=" " ind2=" " tag="336"><subfield code="a">text</subfield><subfield code="b">txt</subfield><subfield code="2">rdacontent</subfield></datafield><datafield ind1=" " ind2=" " tag="337"><subfield code="a">computer</subfield><subfield code="b">c</subfield><subfield code="2">rdamedia</subfield></datafield><datafield ind1=" " ind2=" " tag="338"><subfield code="a">online resource</subfield><subfield code="b">cr</subfield><subfield code="2">rdacarrier</subfield></datafield><datafield ind1="1" ind2=" " tag="362"><subfield code="a">Began in January 1831; ceased with volume VII, number 23 (June 14th, 1837).</subfield></datafield><datafield ind1=" " ind2=" " tag="500"><subfield code="a">Publisher: D. P. Holloway and R. W. Davis, &lt;January 7&gt;-June 14, 1837.</subfield></datafield><datafield ind1=" " ind2=" " tag="515"><subfield code="a">Issues for &lt;Feb. 9, 1833-Mar. 22, 1834&gt; called also &lt;whole no. 109-whole no. 167&gt;.</subfield></datafield><datafield ind1=" " ind2=" " tag="588"><subfield code="a">Description based on: Volume I, number 2 (January 8, 1831); title from masthead (Chroniclingamerica.loc.gov, viewed April 12, 2017).</subfield></datafield><datafield ind1=" " ind2=" " tag="588"><subfield code="a">Latest issue consulted: Volume VII, number 23 (June 14th, 1837) (Chroniclingamerica.loc.gov, viewed April 12, 2017).</subfield></datafield><datafield ind1=" " ind2="0" tag="651"><subfield code="a">Richmond (Ind.)</subfield><subfield code="v">Newspapers.</subfield></datafield><datafield ind1=" " ind2="0" tag="651"><subfield code="a">Wayne County (Ind.)</subfield><subfield code="v">Newspapers.</subfield></datafield><datafield ind1=" " ind2="7" tag="651"><subfield code="a">Indiana</subfield><subfield code="z">Richmond.</subfield><subfield code="2">fast</subfield><subfield code="0">(OCoLC)fst01205951</subfield></datafield><datafield ind1=" " ind2="7" tag="651"><subfield code="a">Indiana</subfield><subfield code="z">Wayne County.</subfield><subfield code="2">fast</subfield><subfield code="0">(OCoLC)fst01218729</subfield></datafield><datafield ind1=" " ind2="7" tag="655"><subfield code="a">Newspapers.</subfield><subfield code="2">fast</subfield><subfield code="0">(OCoLC)fst01423814</subfield></datafield><datafield ind1=" " ind2=" " tag="752"><subfield code="a">United States</subfield><subfield code="b">Indiana</subfield><subfield code="c">Wayne</subfield><subfield code="d">Richmond.</subfield></datafield><datafield ind1="0" ind2="8" tag="776"><subfield code="i">Originally issued in print:</subfield><subfield code="t">Richmond palladium (Richmond, Ind. : 1831)</subfield><subfield code="x">2572-6986</subfield><subfield code="w">(DLC)sn 82016416</subfield><subfield code="w">(OCoLC)9317030</subfield></datafield><datafield ind1="0" ind2="0" tag="785"><subfield code="t">Richmond Indiana palladium (Richmond, Ind. : 1837)</subfield></datafield><datafield ind1="4" ind2="0" tag="856"><subfield code="u">http://www.loc.gov/chroniclingamerica/lccn/sn82016416/issues</subfield></datafield></record>